% Encoding: UTF-8

@article{Bowes2012,
    author = {Bowes, Joanne and Brown, Andrew J and Hamon, Jacques and Jarolimek, Wolfgang and Sridhar, Arun and Waldron, Gareth and Whitebread, Steven},
    doi = {10.1038/nrd3845},
    isbn = {1474-1784},
    issn = {1474-1776},
    journal = {Nature Reviews Drug Discovery},
    keywords = {Drug Discovery,Drug Industry,Drug-Related Side Effects and Adverse Reactions,Risk Assessment},
    number = {12},
    pages = {909--922},
    pmid = {23197038},
    publisher = {Nature Publishing Group},
    title = {{Reducing safety-related drug attrition: the use of in vitro pharmacological profiling}},
    url = {http://www.ncbi.nlm.nih.gov/pubmed/23197038{\%}5Cnhttp://www.nature.com/doifinder/10.1038/nrd3845},
    volume = {11},
    year = {2012}
}

@article{Faulon2003,
    author = {Faulon, Jean-Loup and Visco, Donald P. and Pophale, Ramdas S.},
    title = {The Signature Molecular Descriptor. 1. Using Extended Valence Sequences in QSAR and QSPR Studies},
    journal = {Journal of Chemical Information and Computer Sciences},
    volume = {43},
    number = {3},
    pages = {707-720},
    year = {2003},
    doi = {10.1021/ci020345w},
    note ={PMID: 12767129},
    URL = {https://doi.org/10.1021/ci020345w},
    eprint = {https://doi.org/10.1021/ci020345w}
}

@book{Vovk2005,
  title={Algorithmic learning in a random world},
  author={Vovk, Vladimir and Gammerman, Alex and Shafer, Glenn},
  year={2005},
  publisher={Springer Science \& Business Media}
}